% biber -output-directory=../../out slides

@article{Iacobucci_2011,
    title={Negative thermal conductivity of chains of rotors with mechanical forcing},
    volume={84},
    ISSN={1550-2376},
    url={http://dx.doi.org/10.1103/PhysRevE.84.061108},
    DOI={10.1103/physreve.84.061108},
    number={6},
    journal={Physical Review E},
    publisher={American Physical Society (APS)},
    author={Iacobucci, Alessandra and Legoll, Frédéric and Olla, Stefano and Stoltz, Gabriel},
    year={2011},
    month={Dec}
}

@article{stoltz_phys_stat,
    title = "Introduction à la physique statistique numérique",
    year = "2018",
    url = "http://cermics.enpc.fr/%7Estoltz/Cours/intro_phys_stat.pdf",
    author = "Gabriel Stoltz"
}

@phdthesis{iacobucci:tel-01792503,
    TITLE = {{Nonequilibrium stationary states of rotor and oscillator chains}},
    AUTHOR = {Iacobucci, Alessandra},
    URL = {https://tel.archives-ouvertes.fr/tel-01792503},
    NUMBER = {2017PSLED040},
    SCHOOL = {{PSL Research University}},
    YEAR = {2017},
    MONTH = Oct,
    KEYWORDS = {Nonequilibrium dynamics ; Langevin dynamics ; Invariant measure ; Hypocoercivity ; Spectral gap ; Anomalous transport ; Dynamiques hors-{\'E}quilibre ; Dynamique de Langevin ; Mesure invariante ; Hypocoercivit{\'e} ; Trou spectral ; Transport anormal},
    TYPE = {Theses},
    PDF = {https://tel.archives-ouvertes.fr/tel-01792503/file/pdf2star-1525076978-Iacobucci-2017.pdf},
    HAL_ID = {tel-01792503},
    HAL_VERSION = {v1},
}

@article{PhysRevLett.84.2381,
    title = {Normal Heat Conductivity of the One-Dimensional Lattice with Periodic Potential of Nearest-Neighbor Interaction},
    author = {Gendelman, O. V. and Savin, A. V.},
    journal = {Phys. Rev. Lett.},
    volume = {84},
    issue = {11},
    pages = {2381--2384},
    numpages = {0},
    year = {2000},
    month = {Mar},
    publisher = {American Physical Society},
    doi = {10.1103/PhysRevLett.84.2381},
    url = {https://link.aps.org/doi/10.1103/PhysRevLett.84.2381}
}

@article{TAKENO1996140,
    title = "Nonlinear modes in coupled rotator models",
    journal = "Physica D: Nonlinear Phenomena",
    volume = "92",
    number = "3",
    pages = "140 - 163",
    year = "1996",
    issn = "0167-2789",
    doi = "https://doi.org/10.1016/0167-2789(95)00284-7",
    url = "http://www.sciencedirect.com/science/article/pii/0167278995002847",
    author = "Shozo Takeno and Michel Peyrard",
    abstract = "We compare the properties of generalized nonlinear Klein-Gordon equations with a sinusoidal coupling (sine-lattice equations) to those of the usual nonlinear Klein-Gordon equation with harmonic coupling for three equations leading to the same sine-Gordon equation in the continuum limit. Using Hirota's bilinear method we find a strong analogy between the properties of nonlinear oscillatory modes in the three equations. Numerical simulations confirm this analogy even for very discrete cases. However we point out a fundamental difference between the harmonic and sinusoidal coupling by exhibiting a new class of localized nonlinear excitations which are specific to the sinusoidal coupling, the rotating modes. They can be created thermally. An approximate analytical solution is obtained for these modes which are intrinsically discrete and appear to be extremely stable, even in collisions with breathers. Possible implications for physics are discussed."
}

@article{reygner_fourier,
    title = "La loi de Fourier : une introduction",
    year = "2012",
    url = "http://cermics.enpc.fr/~reygnerj/fourier/intro_julien.pdf",
    author = "Julien Reygner"
}

@phdthesis{stoltz:tel-00709965,
    TITLE = {{Molecular Simulation: Nonequilibrium and Dynamical Problems}},
    AUTHOR = {Stoltz, Gabriel},
    URL = {https://tel.archives-ouvertes.fr/tel-00709965},
    NOTE = {Manuscript en anglais},
    SCHOOL = {{Universit{\'e} Paris-Est}},
    YEAR = {2012},
    MONTH = Jun,
    KEYWORDS = {Physique statistique num{\'e}rique ; Dynamiques quantiques ; M{\'e}thodes de Monte-Carlo ; R{\'e}ponse lin{\'e}aire},
    TYPE = {Habilitation {\`a} diriger des recherches},
    PDF = {https://tel.archives-ouvertes.fr/tel-00709965/file/hdr.pdf},
    HAL_ID = {tel-00709965},
    HAL_VERSION = {v1},
}

@article{quantpie_ou,
    title = "Ornstein Uhlenbeck (OU) Process: solution, mean, variance, covariance, calibration, and simulation",
    year = "2018",
    url = "https://www.youtube.com/watch?v=XrNf2hNHM6I",
    author = "quantpie"
}

@article{quantpie_fp,
    title = "Fokker Planck Equation Derivation: Local Volatility, Ornstein Uhlenbeck, and Geometric Brownian",
    year = "2019",
    url = "https://www.youtube.com/watch?v=MmcgT6-lBoY",
    author = "quantpie"
}


% https://www.ge.infn.it/~zanghi/FS/Lange.pdf

% http://www.math.ucsd.edu/~y1zhao/ResearchNotes/ResearchNote007Thermostat.pdf

% https://en.wikipedia.org/wiki/Fluctuation-dissipation_theorem

% https://www.pourlascience.fr/sd/physique-theorique/des-fluctuations-a-la-dissipation-3019.php

% https://pdfs.semanticscholar.org/57a2/3a111b40528af0cb1ba86f90d75e8d11a21d.pdf

%  ????????? http://math.univ-lyon1.fr/~guillotin/livre.pdf

